<record><leader>00000cas a2200000 a 4500</leader><controlfield tag="001">53811290</controlfield><controlfield tag="008">031201c20029999okumr ne      0    0eng c</controlfield><datafield ind1=" " ind2=" " tag="010"><subfield code="a">  2007222704</subfield></datafield><datafield ind1=" " ind2=" " tag="040"><subfield code="a">CSA</subfield><subfield code="b">eng</subfield><subfield code="c">CSA</subfield><subfield code="d">OCLCQ</subfield><subfield code="d">OCL</subfield><subfield code="d">CUV</subfield><subfield code="d">OCLCQ</subfield><subfield code="d">OCLCF</subfield></datafield><datafield ind1="1" ind2=" " tag="029"><subfield code="a">AU@</subfield><subfield code="b">000041765652</subfield></datafield><datafield ind1=" " ind2=" " tag="042"><subfield code="a">pcc</subfield></datafield><datafield ind1=" " ind2=" " tag="043"><subfield code="a">n-us-ok</subfield></datafield><datafield ind1="1" ind2="4" tag="050"><subfield code="a">E75</subfield><subfield code="b">.C442</subfield></datafield><datafield ind1="0" ind2=" " tag="130"><subfield code="a">Cherokee phoenix (Tahlequah, Okla. : 2002)</subfield></datafield><datafield ind1="1" ind2="0" tag="245"><subfield code="a">Cherokee phoenix.</subfield></datafield><datafield ind1="1" ind2=" " tag="246"><subfield code="i">Issues for 2002-2003 also carry earlier title:</subfield><subfield code="a">Cherokee phoenix and Indian advocate</subfield></datafield><datafield ind1=" " ind2=" " tag="260"><subfield code="a">Tahlequah, Okla. :</subfield><subfield code="b">Cherokee Nation,</subfield><subfield code="c">c2002-</subfield></datafield><datafield ind1=" " ind2=" " tag="300"><subfield code="a">v. :</subfield><subfield code="b">ill. ;</subfield><subfield code="c">35 cm.</subfield></datafield><datafield ind1=" " ind2=" " tag="310"><subfield code="a">Monthly,</subfield><subfield code="b">June 2003-</subfield></datafield><datafield ind1=" " ind2=" " tag="321"><subfield code="a">Quarterly,</subfield><subfield code="b">-spring 2003</subfield></datafield><datafield ind1="0" ind2=" " tag="362"><subfield code="a">Vol. 26, no. 1 (winter 2002)-</subfield></datafield><datafield ind1=" " ind2=" " tag="500"><subfield code="a">Title from cover.</subfield></datafield><datafield ind1=" " ind2=" " tag="525"><subfield code="a">Has supplement titled: Report to the Cherokee people.</subfield></datafield><datafield ind1=" " ind2=" " tag="530"><subfield code="a">Also issued via the World Wide Web.</subfield></datafield><datafield ind1=" " ind2=" " tag="588"><subfield code="a">Latest issue consulted: Oct. 2008.</subfield></datafield><datafield ind1=" " ind2="0" tag="650"><subfield code="a">Cherokee Indians</subfield><subfield code="z">Oklahoma</subfield><subfield code="v">Newspapers.</subfield></datafield><datafield ind1=" " ind2="0" tag="651"><subfield code="a">Tahlequah (Okla.)</subfield><subfield code="v">Newspapers.</subfield></datafield><datafield ind1=" " ind2="0" tag="651"><subfield code="a">Cherokee County (Okla.)</subfield><subfield code="v">Newspapers.</subfield></datafield><datafield ind1=" " ind2="7" tag="655"><subfield code="a">Newspapers.</subfield><subfield code="2">fast</subfield><subfield code="0">(OCoLC)fst01423814</subfield></datafield><datafield ind1=" " ind2="7" tag="650"><subfield code="a">Cherokee Indians.</subfield><subfield code="2">fast</subfield><subfield code="0">(OCoLC)fst00853662</subfield></datafield><datafield ind1=" " ind2="7" tag="651"><subfield code="a">Oklahoma.</subfield><subfield code="2">fast</subfield><subfield code="0">(OCoLC)fst01205031</subfield></datafield><datafield ind1=" " ind2="7" tag="651"><subfield code="a">Oklahoma</subfield><subfield code="z">Cherokee County.</subfield><subfield code="2">fast</subfield><subfield code="0">(OCoLC)fst01221267</subfield></datafield><datafield ind1=" " ind2="7" tag="651"><subfield code="a">Oklahoma</subfield><subfield code="z">Tahlequah.</subfield><subfield code="2">fast</subfield><subfield code="0">(OCoLC)fst01207138</subfield></datafield><datafield ind1="1" ind2=" " tag="710"><subfield code="a">Cherokee Nation.</subfield></datafield><datafield ind1="0" ind2="2" tag="740"><subfield code="a">Report to the Cherokee people.</subfield></datafield><datafield ind1=" " ind2=" " tag="752"><subfield code="a">United States</subfield><subfield code="b">Oklahoma</subfield><subfield code="c">Cherokee</subfield><subfield code="d">Tahlequah.</subfield></datafield><datafield ind1="1" ind2=" " tag="776"><subfield code="t">Cherokee phoenix (Tahlequah, Okla. : 2002 : Online)</subfield><subfield code="w">(OCoLC)54750714</subfield></datafield><datafield ind1="0" ind2="0" tag="780"><subfield code="t">Cherokee phoenix and Indian advocate</subfield><subfield code="x">1540-0573</subfield><subfield code="w">(DLC)  2002211560</subfield><subfield code="w">(OCoLC)45966174</subfield></datafield><datafield ind1="4" ind2="1" tag="856"><subfield code="u">http://www.cherokee.org/Phoenix/Phoenix.asp</subfield><subfield code="z">View available issues online.</subfield></datafield></record>